3122 4924
182 297 260 376 454
545 285 612 362 DE
636 293 779 373 LUDIS
799 294 1027 366 ISTHMIlS.
1104 362 1108 376 ,

184 445 313 520 bantur
341 467 384 518 eo
416 457 588 542 tempore,
614 441 795 518 initlorum
826 444 1077 546 potiusquam
1105 444 1385 544 spectaculorum

183 557 337 655 speciem
367 581 439 654 prae
468 580 507 628 se
532 554 693 630 ferentes.
746 555 818 630 Sed
841 559 928 632 clun
950 558 1012 631 illo
1040 557 1211 658 imprimis
1238 557 1385 632 Graeciae

183 681 350 757 intractu
365 695 604 780 grassarentur
619 683 783 766 latrones,
802 681 950 782 Scyron,
973 683 1172 782 Sinnisque,
1189 683 1249 781 qui
1265 709 1384 754 σισοο·

183 797 348 902 κάινισιις
381 804 581 886 vocabatur,
606 817 713 902 atque
738 801 820 898 ided
849 802 933 878 hinc
965 804 1138 904 peregrini
1171 818 1384 895 arcerentur,

183 916 384 1016 aliquandiu
408 915 608 992 intermissa
632 931 714 998 sunt
743 915 820 992 haeo
846 917 1064 1004 certamina,
1089 917 1203 990 donec
1226 917 1386 996 Theseus

181 1029 326 1106 sublatis
353 1029 421 1102 illis
450 1055 492 1104 ea
517 1029 704 1114 renovavit,
730 1042 768 1103 et
793 1054 837 1102 ex
867 1031 1048 1104 nocturnis
1072 1029 1198 1102 diurna
1219 1027 1324 1117 lecit3
1349 1043 1386 1104 et

182 1143 379 1218 imitatione
407 1141 582 1234 Herculis,
607 1142 669 1243 qui
696 1142 861 1242 Olympia
886 1143 966 1218 Jovi
992 1147 1221 1234 consecrarat,
1240 1142 1388 1216 Isthmia

184 1257 352 1355 Neptuno
393 1255 575 1330 dedicavit.
641 1259 732 1340 Quae
770 1257 914 1356 quidem
947 1257 1070 1355 quinto
1110 1281 1251 1357 quoque
1292 1278 1387 1328 anno

185 1371 458 1458 celebrabantur,
482 1370 512 1442 si
539 1369 755 1443 credendum
785 1369 898 1443 Plinio
927 1371 989 1444 lib.
1009 1371 1074 1444 IV.
1100 1396 1132 1444 c.
1155 1368 1303 1468 quinto:
1330 1367 1386 1441 cui

183 1482 554 1573 assentiturSolinus,
579 1505 612 1553 c.
635 1495 691 1552 12.
752 1479 824 1552 Sed
854 1482 922 1554 fide
949 1481 1088 1578 dignior
1116 1495 1172 1554 est
1205 1479 1388 1570 Pindarus,

184 1597 244 1697 qui
270 1597 377 1670 Nem.
396 1595 465 1668 Vl.
491 1595 559 1690 Ep.
581 1606 620 1664 ο.
645 1589 751 1664 docet
783 1592 889 1665 tertio
923 1617 1063 1692 quoque
1095 1617 1191 1666 anno
1222 1589 1388 1666 celebrari

182 1721 296 1811 solita,
320 1743 431 1817 quum
458 1716 508 1789 ait
535 1715 561 1752 “
582 1699 771 1814 ravpopivp
800 1703 981 1816 spreragr‘dr
1010 1703 1143 1813 σι’μοισι
1171 1703 1390 1788 Ποσειδάνιον

184 1833 235 1918 ἄν’
249 1827 432 1941 .σέμειος.”
490 1841 609 1920 Quam
643 1835 852 1910 sententiam
883 1839 1040 1936 sequitur
1068 1839 1189 1914 Schol.
1216 1837 1389 1938 inquiens,

185 1968 217 2005 “
233 1953 443 2064 σοὶἼσίξιοιοο
462 1951 521 2035 διὰ
538 1946 744 2060 τριετηρίδος
764 1945 940 2050 οἶγισοοι.”
996 1964 1186 2040 Praemium
1196 1961 1318 2037 victori
1328 1961 1389 2034 dn-

183 2093 287 2168 batur
301 2089 423 2178 Pium,
435 2086 528 2160 unde
539 2071 730 2154 σισοοιίιιοοι
740 2082 946 2162 dicebantur
953 2087 1061 2162 iidem
1072 2089 1131 2190 qui
1140 2073 1363 2184 'Irdpron'scr
1374 2102 1386 2154 t

175 2205 274 2282 ratio
309 2216 375 2288 est,
401 2200 483 2299 quia
510 2197 645 2271 marina
673 2209 727 2270 est
751 2198 868 2290 arbor,
895 2201 1000 2274 maris
1022 2202 1131 2276 instar
1158 2199 1419 2298 infrugifera3'

184 2325 319 2428 etquis
340 2308 567 2418 καταχθόνιοι
596 2304 634 2389 sd
663 2304 765 2410 φοσόν
786 2330 872 2389 erat.
923 2315 1157 2396 Verisimilius
1182 2335 1302 2395 tamen
1336 2333 1391 2394 est

186 2472 355 2523 coronam
380 2444 522 2544 pineam
550 2438 674 2514 victori
703 2439 836 2531 datam,
868 2440 906 2511 in
931 2442 1141 2516 memoriam
1168 2441 1248 2516 coesi
1273 2466 1388 2513 σισοο-

184 2566 367 2668 ιιάμσσοο.
424 2573 563 2660 Postea,
585 2553 714 2638 atnam
743 2553 837 2666 ξηρὸν
868 2565 947 2640 loco
973 2566 1077 2666 pinds
1105 2568 1227 2641 dutum
1253 2579 1318 2656 est,
1348 2580 1390 2639 ut

183 2707 310 2770 contra
338 2691 564 2766 Nemeonicis
588 2677 722 2791 χλοςόν
748 2677 888 2762 σέλινον.
945 2689 1050 2763 Ratio
1078 2685 1281 2760 mutationis
1312 2686 1389 2758 haec

186 2806 265 2898 luit,
294 2804 376 2903 quia
398 2806 528 2904 Apium
551 2806 712 2904 aquatica
734 2817 791 2880 est
814 2805 944 2902 planta,
970 2802 1138 2898 Neptuno
1166 2796 1388 2884 conveniens,

184 2919 269 3020 quia
293 2918 401 2992 etiarn
427 2919 553 3004 feralis,
580 2917 718 2994 funebri
744 2917 939 2992 Melicerta
971 2913 1154 2988 certamini
1188 2912 1388 3002 inserviens,

185 3059 266 3138 quae
293 3029 454 3107 feralibus
480 3031 591 3129 epulis
616 3031 845 3106 adhibebatur
869 3041 906 3104 et
930 3026 1134 3128 sepulchris.
1185 3023 1388 3102 Istiusmodi

185 3174 317 3226 corona
343 3169 454 3244 usque
482 3145 528 3217 ad
558 3143 699 3220 Pindari
723 3161 896 3242 tempora,
922 3157 959 3218 et
987 3142 1091 3232 ultra,
1117 3140 1258 3218 mansit.
1317 3137 1390 3212 Sed

187 3263 343 3350 tandem,
375 3272 415 3332 ut
447 3257 566 3333 scribit
600 3258 818 3349 Plutarchus,
854 3258 973 3334 denub
1005 3271 1145 3358 recepta
1177 3270 1232 3330 est
1276 3254 1390 3354 pinus.

188 3373 317 3446 Omnis
344 3369 480 3470 generis
515 3371 707 3444 certamina
735 3373 772 3446 in
808 3374 965 3448 Isthmiis
996 3372 1123 3446 usitata
1139 3369 1246 3452 fuere,
1282 3383 1321 3440 ut
1354 3365 1391 3438 in

185 3484 370 3584 Olympiis,
389 3485 533 3585 Pythiis,
551 3499 587 3558 et
605 3483 762 3558 Nemeis.
816 3487 1046 3560 Isthmiorum
1063 3481 1226 3579 praesides
1245 3477 1389 3550 luerunt

182 3595 369 3688 Corinthii,
381 3612 421 3672 ut
432 3624 475 3672 ex
488 3599 661 3672 Strabone
671 3597 835 3695 colligere
848 3613 913 3682 est,
928 3599 986 3695 qui
1001 3597 1089 3666 libro
1107 3601 1229 3661 octavo
1242 3587 1326 3658 dicit
1344 3587 1389 3662 de

186 3709 481 3818 malumminat
493 3707 546 3792 siu
557 3714 697 3812 tybia:
714 3735 749 3794 et
760 3717 980 3792 exPausanial
989 3714 1026 3785 in
1034 3710 1088 3784 El.
1102 3734 1155 3808 pr.
1173 3700 1394 3806 “’chparacic

188 3830 332 3920 σσονδοὶι
352 3829 606 3933 ἒσῆγγιιλοιν.”
660 3843 732 3916 Sed
747 3837 887 3938 quando
905 3861 925 3908 a
942 3835 984 3908 L.
1004 3831 1183 3906 Mummio
1201 3836 1391 3910 Corinthus

186 3969 387 4058 expugnata
396 3953 476 4044 luit,
486 3957 694 4030 translatum
709 3968 763 4027 est
778 3952 823 4024 ad
836 3945 1017 4045 Sicyonios
1027 3946 1096 4020 hoc
1108 3945 1277 4022 officium.
1320 3947 1391 4022 Sed

180 4096 287 4160 mox,
297 4067 456 4143 restituat
468 4067 653 4155 Corintho,
672 4065 826 4140 redditus
841 4075 895 4134 est
909 4058 1100 4135 Corinthiis
1112 4059 1169 4134 hic
1184 4061 1309 4152 honos,
1320 4083 1390 4156 quo

190 4183 293 4284 potiti
309 4195 392 4258 sunt
402 4179 574 4282 quamdiu
592 4179 629 4254 hi
645 4179 719 4254 ludi
735 4189 922 4254 steterunt.
1125 4177 1340 4252 Banaurcr.
1360 4259 1362 4266 y
