3046 4904
181 355 257 430 aaa
525 299 1024 466 onnunissnrnsms.

232 493 359 571 Posted
371 513 489 572 sutem
508 502 678 576 Hercules
694 502 760 575 hos
772 501 874 575 ludos
887 501 1081 594 illustravit,
1092 518 1140 593 et,
1153 505 1269 579 occiso
1281 505 1381 580 leone

183 609 365 700 Nemeaeo,
391 612 470 686 Jovi
497 615 667 688 Nemeseo
684 614 865 688 dedicavit.
917 618 976 705 Et,
1004 617 1034 690 si
1056 618 1267 691 credendum
1291 621 1381 692 Pau-

181 722 300 812 saniae,
318 724 376 796 lib.
396 726 444 797 ΙΙ.
471 752 565 799 sacra
588 728 668 801 Jovi
693 728 862 800 Nemeaeo
879 729 1000 826 Argivi
1023 730 1060 802 in
1088 729 1380 820 Nemetacum,

181 833 281 932 eique
292 851 426 912 certum
439 840 654 912 sacerdotem
664 839 838 936 deligunt:
856 855 892 913 et
902 843 1041 914 armatis
1049 843 1128 914 viris
1140 845 1262 916 cursds
1273 856 1383 914 certa-

182 948 279 1021 mina
294 965 496 1046 proponunt
510 952 546 1023 in
563 952 638 1049 ipso
658 953 875 1026 Nemeorum
893 969 1076 1042 conventu,
1093 955 1153 1052 qui
1172 980 1232 1052 per
1249 957 1380 1028 brumae

182 1059 255 1133 dies
269 1061 472 1135 celebratur.
509 1064 690 1152 AElianus,
704 1065 839 1138 lib.lV.
858 1091 890 1138 c.
902 1069 939 1138 5.
965 1067 1112 1140 “Variae
1123 1066 1318 1155 Historiae,”
1335 1067 1381 1138 ob

183 1174 392 1246 Pronuctem
409 1166 571 1250 instituta
593 1203 615 1250 a
640 1191 776 1274 septem
792 1177 970 1252 Thebanis
994 1178 1139 1252 ducibus
1155 1192 1313 1266 testatur,
1328 1178 1381 1250 bis

181 1298 314 1372 verbis:
354 1297 382 1336 “
403 1287 475 1367 Καὶ
508 1291 539 1366 oi
569 1288 657 1368 imi
693 1289 747 1368 ist
783 1290 919 1380 ultan
946 1290 1138 1400 Hprsivuaess,
1172 1291 1233 1369 ecl
1274 1289 1382 1368 ἐκεῖνον

180 1413 335 1522 χάριτας
354 1407 538 1491 ἀπέδοσαν.
597 1411 675 1490 Δνοὶ
704 1412 776 1518 γὰρ
802 1405 929 1499 αὐτοὺς
955 1410 1191 1519 ἀπολουμένου
1211 1413 1271 1491 τοῦ
1288 1411 1381 1521 lipti-

181 1567 316 1627 νουντος,
346 1530 399 1612 τον
428 1536 545 1632 ἀγῶνου
573 1529 687 1612 ἔθυσαν
716 1531 768 1611 ἔτ’
788 1528 904 1627 airis,
926 1527 961 1612 dr
979 1535 1012 1612 oi
1029 1537 1158 1614 πολλοὶ
1179 1535 1303 1614 οἴονται
1331 1533 1381 1612 ἔτ’

180 1657 386 1770 Ἀςχομὸξμ
404 1663 533 1749 redium
553 1657 591 1754 ἔξ
609 1655 766 1768 ἀςχῆς.”
823 1668 1000 1743 Celebrari
1017 1671 1179 1744 solebant
1195 1671 1231 1744 in
1250 1671 1384 1743 Nemea

180 1794 334 1894 regione,
361 1793 463 1868 tertio
490 1818 628 1892 quoque
651 1817 744 1866 anno
779 1792 888 1887 (unde
916 1791 1108 1894 appellatus
1138 1778 1230 1882 ispali
1258 1778 1385 1890 sparsis

178 1916 233 1990 vel
261 1901 494 2017 retemptatis).
523 1942 644 1990 mense
672 1915 733 2014 qui
749 1905 912 2011 Πάνεμος
938 1943 960 1990 a
981 1916 1173 1991 Corinthiis
1204 1929 1240 1989 et
1265 1915 1384 1988 Muce-

181 2039 342 2130 donibus‚
368 2024 578 2140 Bondpopuir
603 2041 647 2112 ab
664 2039 804 2129 Atticis,
822 2039 1013 2116 dicebatur.
1066 2038 1244 2124 Quoniam
1268 2051 1384 2111 autem

182 2177 204 2224 a
220 2151 388 2226 militibus
403 2153 544 2226 Thebas
572 2151 735 2224 euntibus
756 2152 957 2226 institutum
976 2166 1028 2226 est
1044 2153 1112 2226 hoc
1138 2151 1387 2248 spectaculum,

182 2268 248 2342 soli
275 2267 414 2358 milites,
439 2282 500 2342 aut
525 2267 679 2341 militum
702 2267 763 2340 lilii
786 2268 944 2365 primbm
962 2271 1162 2342 certabant:
1189 2266 1250 2338 sed
1269 2267 1388 2364 posted

182 2381 289 2454 etiam
319 2379 466 2478 populus
494 2377 560 2452 luit
593 2379 778 2458 admissus.
851 2383 916 2454 His
948 2381 1037 2453 ludis
1066 2392 1234 2478 praeerant
1266 2377 1388 2476 Argivi

178 2489 327 2590 judices,
349 2491 453 2590 primi
479 2491 714 2580 Decelaeonei,
744 2493 825 2566 inde
854 2494 1040 2581 Corinthii,
1067 2506 1102 2564 et
1120 2490 1301 2576 Cleonaei;
1330 2489 1392 2588 qui

183 2607 291 2705 nigris
321 2622 357 2681 et
381 2607 582 2706 lugubribus
600 2606 712 2681 induti
738 2608 889 2680 vestibus
911 2607 1120 2704 judicabant,
1140 2616 1180 2674 ut
1196 2601 1394 2676 Sacrorum

183 2720 358 2820 originem
373 2748 395 2795 a
410 2722 507 2795 luctu
524 2723 747 2819 promandsse
765 2720 988 2793 declararent.
1047 2713 1250 2788 Vrctoribus
1281 2713 1394 2787 daba-

182 2845 242 2907 tur
267 2835 422 2934 primbm
448 2859 579 2908 corona
605 2859 648 2906 ex
675 2835 774 2920 oleb3
808 2833 901 2930 quod
924 2831 966 2903 ad
990 2827 1079 2901 bella
1106 2852 1219 2925 usque
1247 2826 1390 2900 Medica

183 2945 315 3022 lactum
329 2947 455 3020 lerunt.
511 2948 604 3020 Nam
619 2948 665 3020 ob
679 2946 814 3019 cladem
830 2971 850 3018 a
867 2941 980 3016 Medis
998 2955 1153 3038 captam,
1163 2940 1201 3012 in
1216 2939 1388 3012 honorem

184 3081 353 3139 caesorum
383 3057 474 3155 apio,
502 3057 637 3130 funebri
671 3059 801 3155 plantis,
829 3052 986 3128 coronari
1016 3067 1176 3153 coeptum
1205 3067 1270 3125 est.
1319 3049 1387 3123 Alii

184 3176 266 3246 verb
283 3173 405 3246 dicunt
426 3169 572 3243 victores
598 3170 676 3268 apio
696 3168 852 3244 coronari
869 3167 991 3240 solitos
1021 3167 1066 3240 ad
1094 3183 1298 3266 perpetuam
1322 3165 1387 3238 Ar·

186 3281 342 3355 ohemori
360 3281 579 3354 memoriam.
631 3282 678 3353 Et
695 3283 777 3355 huic
794 3279 1026 3354 certaminum
1044 3280 1165 3376 generi
1182 3279 1299 3376 apium
1311 3279 1390 3373 jure

185 3394 369 3465 convenire
385 3397 584 3481 censebant,
602 3395 685 3466 cbm
704 3419 748 3466 ex
765 3395 870 3468 occisi
886 3421 906 3468 a
920 3408 1080 3490 serpente
1095 3393 1191 3489 pueri
1208 3389 1392 3486 sanguine,

185 3500 330 3573 herbam
359 3504 455 3576 illam
483 3520 691 3604 prognatam
717 3507 910 3579 crederent.
965 3505 1095 3578 Plinius
1118 3502 1165 3575 ait
1194 3501 1229 3571 in
1253 3500 1394 3571 Achaiai

185 3609 272 3685 sacri
291 3611 500 3690 Certaminis
517 3618 662 3690 victores
680 3619 758 3716 apio
777 3617 937 3691 coronari
955 3616 1086 3690 solitos.
1146 3613 1193 3684 Et
1210 3611 1393 3684 Lucienus

183 3733 220 3806 in
239 3733 450 3828 Gymnasiis,
471 3740 497 3776 “
515 3731 742 3834 Ὀλυμπιάσι
766 3727 829 3836 μὶν
859 3725 1026 3830 στέφανος
1043 3729 1080 3808 ἔνο
1098 3723 1240 3816 κοτίνου,
1256 3725 1400 3830 Ἰσθμοῖ

184 3845 266 3928 dl*
303 3843 435 3937 vivos,
472 3847 501 3924 iv
534 3851 660 3952 Νεμέᾳ
699 3851 733 3932 li
774 3853 906 3932 σελίνων
940 3849 1189 3958 menippeum,
1212 3851 1326 3930 Πυθοῖ
1359 3845 1392 3928 li

182 3981 287 4081 μῆλου
320 3973 379 4052 οόν
408 3973 493 4081 ispoir
521 3975 581 4051 τοῦ
609 3976 741 4055 Θεοῦ.”
797 3991 876 4064 Ηοο
912 3992 1102 4063 Certamen
1137 3987 1303 4086 primitus
1328 3984 1392 4057 luit

184 4111 353 4196 equestre,
380 4109 418 4169 et
445 4094 648 4192 gymnicum
671 4098 829 4190 funebre,
859 4101 929 4174 sive
958 4101 1185 4189 Archemori,
1212 4100 1284 4172 sive
1310 4100 1389 4170 Pro-

184 4213 295 4282 nactis
329 4208 366 4282 in
400 4207 546 4309 gratiam
582 4224 635 4282 est
667 4211 881 4286 institutum.
942 4213 1109 4286 Admissa
1151 4227 1234 4286 sunt
1276 4227 1391 4284 tamen

185 4319 343 4391 omnium
380 4318 612 4396 certaminum
639 4345 788 4418 genera;
815 4323 1034 4418 pentathlon,
1063 4325 1232 4412 stadium,
1262 4323 1391 4408 discus,
1479 4365 1480 4389 ο

184 4413 300 4494 saltus,
321 4423 426 4520 lucta,
443 4428 629 4528 pugilatus.
1096 4447 1099 4456 ⁴
1124 4437 1343 4510 Bssussmc‘r.
