3112 4924
580 338 819 419 ΡΥΤΗΙΑ,
861 340 931 404 On.
947 341 992 405 X.

688 550 717 599 Σ.
730 543 766 602 κ’.
809 549 842 600 Κ.
854 539 879 599 ι’.

399 629 554 750 ὈΛΒΙΑ
576 654 813 761 Λακεδαῖμον·

403 781 581 886 Μάκαιξα
602 775 806 856 Θεσσαλία·
837 773 964 886 τατςος

403 903 450 980 Δ’
471 897 683 1009 ἀμφοτέραις
704 900 741 994 ἒξ
760 894 826 988 {ihc

398 1025 667 1135 Ἀριστομάχου
686 1020 777 1124 γένος
795 1019 993 1132 Ἡρακλέος
1009 1024 1209 1124 βασιλεύει.

322 1169 344 1232 5
402 1151 474 1244 Τίς
504 1149 640 1260 κομτὲοι
658 1150 756 1260 magd
775 1147 913 1260 καιξὸνς

401 1277 531 1356 Ἀλλά
548 1311 595 1382 [κν
615 1276 720 1354 l'Ivdu'
737 1309 772 1354 τε
792 1273 854 1353 καὶ
875 1269 913 1353 ‘td

402 1405 598 1478 Πελινναῖον
617 1393 717 1475 &riu

399 1517 541 1599 Ἀλεύα
560 1552 597 1597 τι
616 1517 752 1610 ταῒδες,
771 1515 961 1624 Ἰττοκλὲᾳ

405 1641 571 1733 Θέλοντος
591 1647 744 1743 ἀγαγεῖν
764 1643 950 1750 ἐπικωμίαν

300 1781 348 1845 10
402 1765 545 1876 Ἀνδξῦι
563 1766 699 1845 κλοτοὶν
717 1762 801 1846 ὅσα.

687 1920 720 1969 Α.
734 1911 769 1970 α’.
811 1919 844 1971 Κ.
859 1913 884 1971 ι’.

402 2005 547 2087 Γεῦετοοι
567 2006 639 2116 γὰρ
660 2003 797 2085 ἀέθλων·

402 2138 550 2244 Στξατῷ
568 2134 596 2212 τ’
615 2131 871 2240 Ἀμφικτυόνων
891 2130 909 2212 ὅ
926 2139 1025 2241 Παξ-

455 2264 589 2349 νασσιος
609 2258 709 2340 αὐτὸν
727 2257 845 2368 μοχός

607 2451 719 2500 NOTAE
738 2449 966 2510 nsulsum,

478 2535 649 2587 Irmurosrrrs
661 2535 814 2591 Quuumnr
832 2533 1111 2586 BENEDICTINIS.

222 2679 249 2726 5·
264 2674 301 2734 τίς
321 2673 481 2740 :aurine-gd
490 2696 529 2726 κιι
541 2675 576 2734 νἰι
594 2675 671 2738 quid?
684 2673 772 2724 temer&
841 2680 866 2722 8.
883 2674 945 2736 ἔγω
956 2675 1027 2737 ιὸμιι
1038 2673 1122 2722 victori
1133 2673 1284 2740 Hippocleoe.

189 2760 222 2793 ns
238 2745 289 2790 hac
307 2743 411 2804 loquor?
438 2741 506 2790 nulld
524 2697 554 2791 de
574 2741 660 2791 musis?
689 2741 773 2790 sodo
843 2746 882 2790 12.
900 2743 943 2805 (lv)
955 2747 1055 2809 κνισᾷ,
1066 2759 1119 2805 pro,
1131 2745 1151 2794 ir
1162 2743 1239 2809 mar,
1248 2741 1387 2807 τῧνἈμφι-

191 2808 309 2859 Herculis
333 2809 412 2871 stirpe.
458 2808 579 2859 Minimd:
611 2812 679 2860 Ᾰλλᾶ
700 2831 774 2874 μο-
806 2811 908 2860 seudum

189 2877 357 2940 &imposuit-

509 2970 779 3021 PARAPHRASIS
798 2967 1069 3019 BENEDICTINA.

634 3051 788 3108 Srnorun
802 3047 825 3105 Ι.
843 3052 949 3106 1-10.

230 3143 496 3209 Qurunouonuu
510 3141 598 3198 beato
611 3159 642 3198 es
659 3139 686 3197 Ο
703 3139 908 3207 Lscedaemon,
924 3137 966 3197 sic
979 3137 1065 3198 etism
1079 3151 1113 3201 tu
1125 3140 1194 3201 felix
1209 3157 1240 3199 es
1254 3137 1281 3198 Ο
1297 3136 1390 3197 Thes·

190 3232 269 3302 salio,
284 3230 457 3300 eonomine,
474 3227 552 3307 quod
566 3247 673 3307 genere
686 3240 717 3287 et
734 3228 912 3307 principibus
929 3248 1011 3307 peres
1028 3231 1105 3291 estis.
1146 3233 1221 3292 Nam
1235 3228 1390 3310 principes,

190 3323 239 3400 qui
253 3341 373 3399 regnum
387 3333 514 3381 vestrum
534 3321 675 3390 obtinent,
690 3339 728 3380 ex
743 3339 801 3378 uno
821 3319 981 3399 eodemque
993 3336 1085 3400 putre,
1101 3323 1235 3382 nimirum
1251 3320 1389 3388 Hercule,

189 3415 423 3492 praestantissimo
441 3414 470 3472 in
490 3413 595 3493 pugnis
615 3414 714 3483 heroii,
730 3413 811 3472 vohis
825 3413 963 3473 ambabus
977 3428 1044 3473 sunt
1058 3414 1179 3472 oriundi.
1223 3413 1283 3472 Sed
1298 3409 1392 3490 quid?

189 3506 338 3585 utriusque
352 3529 443 3588 genus
468 3510 621 3582 extollens,
650 3508 851 3589 intempestive
867 3509 997 3588 glorior?
1042 3507 1104 3567 lmd
1128 3507 1196 3565 verd
1221 3504 1392 3581 tempestivo

184 3599 272 3677 hujus
280 3598 465 3662 honorificam
476 3601 651 3661 mentionem
661 3601 751 3662 facio:
767 3602 909 3682 siquidem
919 3601 1019 3681 patriae
1032 3601 1093 3659 leus
1107 3599 1136 3656 in
1151 3594 1389 3669 civesredundst,

188 3702 219 3751 et
233 3690 324 3749 virum
338 3693 506 3755 Thessalum
521 3695 640 3756 laudare
658 3696 742 3754 volo:
764 3695 801 3754 od
816 3695 895 3774 quod
908 3714 954 3754 me
967 3693 1118 3750 hortantur
1132 3702 1162 3748 et
1176 3687 1283 3767 Pytho,
1299 3699 1393 3746 certo·

188 3781 272 3842 minis
285 3782 367 3841 locus
378 3787 506 3857 celebris,
523 3800 552 3847 et
567 3789 757 3859 Pelinnaeum,
773 3786 929 3848 Thessaliae
949 3783 1097 3862 oppidum,
1113 3780 1227 3839 victoris
1245 3779 1348 3859 putria,
1363 3787 1393 3838 et

189 3874 331 3944 Thessali,
347 3874 450 3934 Aleuae
460 3878 577 3947 subditi,
589 3879 777 3957 efflagitantes
788 3891 821 3936 ut
832 3874 1037 3936 encomiastico
1047 3873 1164 3953 hymno,
1176 3872 1264 3953 quiin
1278 3869 1392 3951 inclytis

187 3971 313 4030 virorum
328 3970 440 4031 choreis
454 3991 528 4032 voce
543 3986 673 4042 canetur,
690 3973 884 4050 Hippocleam
900 3975 1044 4032 decorem.

579 4063 818 4122 Aurrsrnorun
831 4063 854 4123 1.
872 4067 997 4123 11-20.

226 4156 315 4225 Nom,
331 4163 477 4213 certamen
491 4151 666 4232 Pythiacum
690 4173 852 4232 aggressus,
868 4175 928 4214 suae
955 4152 1068 4212 virtutis
1089 4151 1251 4233 periculum
1272 4145 1350 4216 lecit,
1365 4157 1397 4204 et

187 4251 335 4329 specimen
350 4249 458 4310 edidit:
479 4267 606 4326 eumque
620 4247 649 4304 in
666 4249 797 4307 Parnassi
812 4269 938 4321 recessu,
953 4249 1002 4330 qui
1017 4261 1060 4309 est
1075 4249 1181 4330 Pytho,
1197 4249 1392 4308 innumeroso

188 4342 450 4426 Amphictyonum,
466 4340 503 4402 de
517 4337 636 4401 victorii
651 4339 854 4418 judicantium,
869 4353 959 4414 coetu,
974 4341 1049 4402 inter
1059 4343 1180 4421 juvenes
1193 4328 1392 4419 prestantissi-
