3128 4916
472 981 539 1053 DE
565 981 833 1058 OLYMPICIS
858 981 1020 1100 LUDIS.

681 1219 838 1252 ——o—

206 1383 417 1456 Orrrrrrcr
448 1379 567 1472 Lunr,
598 1381 634 1452 in
668 1379 806 1454 Graecid
840 1365 1079 1468 celeberrimi,
1097 1379 1141 1451 ab
1175 1375 1340 1475 Olympia

157 1495 265 1569 Elidis
307 1497 391 1568 urbe
435 1520 565 1567 nomen
606 1493 757 1578 habent3
798 1493 962 1590 Olympia
1003 1517 1024 1564 a
1064 1489 1176 1562 vicino
1219 1503 1341 1562 monte

157 1608 335 1706 Olympo;
362 1633 440 1704 quae
466 1623 502 1680 et
518 1605 608 1694 Pisa,
634 1603 811 1701 Stephano
838 1619 990 1686 auctore,
1020 1601 1222 1700 appellatur.
1273 1599 1341 1673 Vel

157 1720 206 1793 sic
232 1721 315 1794 dicti
342 1734 434 1808 sunt,
459 1719 552 1817 quod
580 1718 615 1789 in
634 1717 731 1790 Jovis
749 1715 904 1814 Olympii
933 1715 1102 1787 honorem
1128 1715 1172 1785 eb
1191 1709 1342 1785 Hercule

156 1831 304 1904 instituti
322 1832 477 1904 luissent.
529 1831 577 1904 Hi
599 1829 672 1902 ludi
697 1829 956 1902 celebrabantur
970 1827 1008 1899 in
1025 1825 1202 1925 Olympii,
1220 1824 1341 1922 quinto

156 1970 294 2042 quoque
323 1970 427 2034 anno,
457 1930 772 2036 unde'Obvprrroir
799 1967 860 2039 pro
884 1943 1006 2030 lustro,
1032 1965 1093 2012 seu
1120 1935 1342 2036 quinquennio

156 2051 353 2154 usurpatur.
406 2055 546 2130 Scholia
564 2055 701 2142 Graes,
717 2068 753 2128 ct
769 2053 844 2151 ipse
861 2053 1035 2139 Pindarus
1047 2053 1107 2126 Ol.
1127 2049 1174 2123 11.
1192 2047 1343 2122 relemnt

156 2168 410 2242 institutionem
448 2168 543 2241 hane
574 2157 737 2238 ludorum
764 2165 1031 2259 Olymplcmurn
1069 2162 1113 2231 ad
1140 2159 1341 2230 Herculem.

157 2280 249 2356 Item
279 2281 350 2355 Od.
367 2306 402 2350 x.
421 2281 575 2370 ejusdem
604 2274 692 2342 libri.
745 2273 835 2339 Item
864 2272 1002 2350 Strabo,
1030 2269 1089 2339 lib.
1104 2289 1199 2338 vrr1.
1251 2269 1342 2339 Her-

55 2371 58 2376 ·
157 2391 263 2476 cules,
289 2392 334 2459 ob
361 2400 523 2477 negatam
549 2381 612 2450 sibi
644 2377 841 2448 mercedem
859 2379 902 2450 ab
919 2379 1043 2476 Augei
1059 2377 1225 2451 Eleorum
1249 2406 1341 2476 rege,

156 2501 301 2575 collecte
331 2495 524 2565 vicinorum
551 2513 671 2577 manu,
694 2488 832 2562 Elidem
859 2489 994 2582 invasit,
1011 2494 1171 2591 Augeam
1202 2493 1341 2581 occidit,

155 2626 191 2683 et
220 2602 515 2681 commilitonibus
540 2589 761 2699 gratitudinis
787 2627 870 2700 crgo
895 2603 996 2678 ludos
1022 2605 1178 2704 publicos
1195 2603 1341 2703 aperuit,

155 2747 199 2794 ex
227 2716 343 2815 spoliis
370 2713 514 2811 praemia
540 2740 748 2814 proponens.
802 2716 855 2790 Ita
870 2732 989 2791 autem
1005 2719 1166 2809 instituit,
1183 2732 1222 2792 ut
1239 2719 1340 2815 plen-l

155 2831 256 2904 Luna
289 2843 545 2925 peragerentur.
601 2828 745 2901 Initium
776 2842 850 2902 eret
877 2831 1064 2904 undecimo
1095 2831 1153 2905 die
1187 2831 1341 2918 mensis;

155 2967 195 3015 uc
212 2966 273 3038 per
290 2939 362 3013 dies
380 2955 529 3038 quatuor
555 2942 746 3015 certamina
767 2957 865 3015 erant
881 2943 918 3016 in
936 2945 1033 3016 omni
1056 2970 1184 3042 genere
1201 2944 1341 3036 artium,

154 3050 345 3151 praesertim
386 3052 423 3124 in
463 3055 588 3144 Cursu,
631 3057 755 3145 Luctei,
793 3055 905 3146 Saltu,
942 3057 1064 3147 Disco,
1097 3057 1340 3153 Quinquertio.

156 3164 392 3239 Conveniebat
409 3167 452 3239 ad
470 3192 512 3239 ea
528 3167 724 3261 spectacula
750 3167 908 3240 universa
925 3168 1072 3241 Graecia.
1124 3169 1193 3242 Die
1211 3167 1339 3240 mensis

155 3275 407 3351 decimosexto
425 3265 610 3352 victoribus
635 3279 781 3376 praemia
806 3281 1079 3354 decernebantur
1095 3306 1158 3378 per
1174 3280 1342 3353 Hellano·

155 3385 261 3458 dicas.
312 3390 421 3462 Erant
437 3405 555 3463 autem
574 3417 617 3464 ex
632 3390 770 3464 oleastri
789 3393 905 3466 ramis.
958 3393 1102 3482 Plinius,
1120 3393 1339 3464 lib.'xxx1v.

155 3522 231 3593 cap.
247 3512 284 3570 4.
336 3502 407 3582 Qui
424 3503 531 3576 semel
548 3503 695 3592 vicisset,
713 3503 837 3602 inquit,
860 3506 892 3579 ei
909 3505 1105 3604 erigebatur
1122 3518 1254 3576 statua:
1280 3503 1339 3601 qui

153 3632 235 3681 vero
253 3621 317 3698 ter,
343 3611 373 3683 ei
390 3614 569 3711 erigebant
585 3629 728 3705 statuas,
746 3621 913 3717 expressis
930 3619 1036 3692 etiam
1053 3619 1209 3716 ipsorum
1226 3639 1337 3687 mem·

153 3719 237 3808 bris,
254 3744 340 3816 quus
358 3722 481 3796 Iconas
499 3728 678 3798 vocabant.

1063 3838 1289 3913 Burruurcr.
