3128 4916
452 789 772 922 -rrnnaa'r
820 837 1011 920 vrri.

629 1119 830 1156 ...Ἦ

242 1290 297 1420 Ρ
299 1371 481 1426 rnnaaus
509 1363 628 1424 noster
643 1348 710 1424 luit
735 1350 937 1439 Thebanus,
955 1376 998 1424 ex
1016 1351 1058 1426 iis
1074 1353 1316 1454 ‘flabia-quae

162 1471 203 1542 in
244 1469 381 1542 Boeotia
415 1479 510 1555 sant,
544 1465 723 1538 oriundus.
777 1465 883 1538 Hunc
916 1465 974 1538 alii
1021 1467 1224 1565 Daiphanti,
1258 1469 1317 1546 alil

164 1580 340 1679 Scopelini
379 1581 490 1652 filiurn
525 1577 666 1652 faciunt.
719 1578 812 1651 Sunt
837 1577 895 1675 qui
922 1579 1141 1654 binominem
1181 1595 1316 1679 patrem

165 1695 294 1775 dicant,
323 1709 362 1766 ut
393 1695 486 1768 idem
512 1693 556 1765 sit
572 1695 793 1792 Daiphantua
821 1706 858 1765 et
891 1692 1110 1796 Scopelinus.
1163 1695 1318 1794 Recepta

165 1833 210 1881 ex
254 1808 459 1878 auctoritate
494 1807 611 1878 Suidae
657 1806 829 1878 sententia
863 1806 938 1879 hac
968 1822 1033 1886 est,
1075 1807 1176 1880 illum
1212 1806 1318 1882 luisse

164 1917 357 2017 Deiphanti
373 1918 496 1988 lilium.
548 1919 734 1990 Auleticen
745 1920 780 1990 in
799 1918 913 2016 primia
926 1919 1075 2016 pueritia
1092 1947 1112 1992 a
1129 1920 1317 2018 Scopelino

163 2021 291 2132 patruo
325 2043 378 2099 est
405 2029 563 2114 edoctus,
580 2045 616 2100 et
632 2031 873 2124 postmodum,
898 2033 1117 2102 cumrerum
1143 2035 1317 2127 majorum

165 2169 276 2242 capax
310 2141 495 2228 videretur,
529 2143 573 2212 ab
608 2164 650 2211 eo
678 2140 825 2210 traditus
854 2154 908 2210 est
934 2142 1026 2210 Laso
1059 2143 1318 2236 Hermionensi‚

165 2269 281 2357 poetae
310 2252 430 2352 lyrico,
448 2279 468 2326 a
486 2277 556 2350 quo
587 2277 660 2324 non
690 2251 798 2323 modo
832 2275 974 2323 carmen
1010 2277 1236 2350 componere,
1260 2257 1320 2330 sed

165 2371 273 2444 etiam
303 2369 412 2464 lyram
446 2367 595 2463 pulsare,
612 2363 752 2449 didicit;
790 2389 896 2462 quarn
925 2378 1038 2436 artem
1064 2363 1113 2438 ita
1131 2366 1262 2457 calluit,
1281 2384 1322 2442 ut

165 2483 370 2580 Lyricorum
388 2478 490 2556 facile
508 2480 666 2577 princeps
680 2479 835 2550 evaserit.
889 2479 1024 2552 Habuit
1040 2479 1146 2552 etiam
1164 2479 1320 2554 Simoni-

166 2595 248 2668 dem
281 2595 318 2666 in
352 2594 508 2667 carmine
550 2606 586 2665 et
629 2592 703 2686 lyra
740 2605 1005 2689 praeceptorem,
1035 2607 1113 2665 turn
1151 2595 1318 2693 temporis

164 2709 382 2808 praecipuum
406 2705 583 2804 Lyricum.
636 2703 719 2776 Fuit
748 2703 870 2790 etiam,
894 2703 1002 2776 Suida
1023 2715 1122 2794 teste,
1155 2707 1318 2803 Myrtidis

165 2821 320 2916 mulieris
338 2819 540 2917 discipulus.
592 2817 720 2890 Factus
732 2831 835 2888 aetate
852 2817 1034 2902 maturior,
1049 2843 1193 2890 uxorem
1206 2821 1317 2910 duxit,

166 2959 209 3006 ex
239 2937 308 3032 qula
333 2935 460 3006 liberos
478 2947 546 3006 tres
564 2929 729 3030 suscepit,
747 2927 991 3030 Diophantum
1010 2931 1135 3020 lilium,
1162 2931 1319 3030 filiasque

165 3047 437 3134 Protornachen,
470 3062 506 3119 et
531 3046 743 3144 Polymetin,
777 3069 885 3142 quam
913 3042 1039 3116 Suidas
1066 3045 1231 3118 Eurnetin
1257 3072 1317 3143 ap·

164 3159 283 3257 pellat.
336 3159 491 3231 Fratrem
510 3159 632 3231 habuit
646 3158 866 3230 Erotionem.
921 3157 964 3229 In
984 3157 1209 3229 matrimonio
1224 3157 1320 3232 caste

166 3271 297 3345 multos
315 3296 425 3344 annos
443 3270 539 3359 vixit,
562 3272 746 3345 doctorum
774 3270 1019 3374 familiaritate,
1049 3285 1085 3343 et
1115 3269 1318 3369 Principum

165 3382 322 3458 amicitiai
338 3408 433 3456 usus.
487 3384 540 3455 lta
554 3384 664 3480 pleae
689 3379 809 3484 g'essit,
827 3397 866 3456 ut
881 3383 1031 3472 erearn,
1055 3383 1258 3482 Apollinem
1282 3401 1318 3459 et

165 3499 263 3571 Pana
280 3501 409 3596 magna
425 3496 648 3570 veneratione
666 3499 824 3586 coluerit,
841 3514 877 3570 et
890 3523 998 3598 prope
1017 3498 1126 3570 ereae
1145 3498 1316 3595 templum

165 3611 259 3684 aedes
292 3611 418 3684 habere
445 3611 604 3684 voluerit.
656 3611 738 3684 Fuit
768 3611 973 3707 Lyricorum
1000 3611 1205 3686 Graecorum
1228 3636 1316 3709 prae·

165 3722 411 3808 attentissimus,
429 3725 523 3798 unde
548 3719 635 3802 illud
652 3723 829 3820 Antipatri
848 3723 894 3811 εἰς
912 3720 1024 3804 riao'raa
1044 3722 1229 3834 Πινδάρου,

337 3867 454 3950 Nssgu'au
468 3871 556 3928 irim
570 3871 693 3941 νιίλπιγξ
708 3869 843 3950 implexo
856 3871 951 3941 αὖλῧι,

378 3961 471 4018 Timr
486 3961 548 4041 riri(
561 3963 651 4026 παίσας
664 3959 755 4041 'iugum
769 3966 819 4019 ert·
831 3961 922 4038 χίλνς.

341 4043 404 4109 Olli
415 4052 498 4127 palear
512 4055 615 4119 ἅπαλὶς
628 4055 710 4125 {ealle
723 4055 779 4134 angl
789 4055 899 4129 χιίλισιι
913 4053 986 4130 lepris

372 4139 496 4202 *Eranam
507 4141 632 4226 angliam
646 4139 757 4226 ssr'rlaega
771 4147 821 4202 mio
832 4143 903 4219 piar.

342 4229 448 4310 Meletos
464 4235 632 4300 intervolans
645 4236 734 4315 utpium
749 4239 822 4304 Θιὶς,
837 4233 913 4310 ripam
924 4239 1016 4300 ricr'm

382 4326 429 4378 Tir
439 4321 488 4394 rio,
506 4330 550 4384 nel
566 4329 654 4402 νομίσαν
666 4326 803 4405 Melpum
816 4325 935 4387 δηίων.
