3022 4908
691 313 797 427 (453)
971 313 983 338 ⁷

148 593 151 600 ¹
287 693 290 700 >
426 633 504 734 oa
540 655 723 764 rums
761 605 1053 734 lebamus.

669 845 816 874 ⁸¹*—

187 989 287 1062 Lunr
307 987 461 1059 launum
489 1009 620 1058 nomen
646 997 854 1084 aeceperunt
879 987 924 1058 ab
946 985 1084 1058 Isthmo
1099 971 1343 1077 Corinthiaco*

138 1103 197 1184 ubi
211 1099 381 1174 'celebrari
407 1096 578 1171 solebant.
632 1097 794 1174 Isthmum
816 1098 933 1194 dixere
951 1097 1150 1240 Geographi
1166 1091 1343 1196 angustini

136 1241 238 1330 terrra
270 1223 457 1295 dirimentis
484 1219 550 1294 duo
581 1224 705 1294 maria.
757 1219 863 1294 Unde
880 1219 1017 1294 Galeno
1036 1209 1150 1290 crura}
1170 1215 1235 1312 γῆς
1255 1209 1341 1308 dri&

137 1334 218 1424 odor,
257 1328 396 1443 μιτοοξυ
433 1331 520 1414 duait
558 1333 765 1427 aaronis,
803 1339 979 1416 definitur.
1033 1341 1174 1415 Nomen
1190 1341 1343 1418 habeta¹

137 1465 363 1540 similitudine
392 1459 452 1536 rori
485 1459 620 1564 ἰσθμοῦ,
640 1491 720 1566 quae
745 1479 800 1540 est
829 1491 920 1603 pars
928 1448 1068 1564 μιταξο
1088 1454 1147 1534 τοῦ
1166 1443 1342 1562 eriperer

138 1578 199 1664 aul
219 1581 280 1658 τοῦ
296 1583 498 1688 στομάχου,
518 1602 559 1662 ot
576 1589 731 1663 Galenus
755 1587 804 1660 ait
828 1586 875 1668 in
891 1587 1342 1686 xxv1.Aphor.'s1odiota

135 1696 188 1782 l'rr
208 1699 312 1782 δι”
270 1705 390 1792 aurosi
390 1697 488 1792 i'srou
510 1702 558 1780 ris
576 1700 686 1781 rarior.
746 1705 800 1780 Ita
817 1721 858 1782 ut
873 1707 1176 1805 quemadmodum
1197 1709 1264 1786 cibi
1280 1737 1343 1816 per

136 1822 287 1928 lancium
306 1808 485 1920 angustias
498 1822 778 1896 inventrieulum
795 1820 1049 1909 deferuntur,
1023 1847 1073 1894 sre
1086 1847 1148 1920 per
1164 1823 1341 1934 Isthmum

136 1939 257 2030 maris,
267 1939 366 2036 quasi
378 1963 440 2036 per
450 1938 595 2026 collum,
605 1961 650 2009 ex
659 1935 852 2008 continenti
865 1935 909 2007 ad
919 1935 1067 2010 insulam
1078 1939 1343 2036 peninsulamre

137 2064 249 2149 eatur.
294 2050 464 2132 Quamvis
482 2061 602 2123 autem
616 2046 719 2120 multi
733 2045 803 2117 sint
814 2043 952 2134 Isthmi,
966 2043 1211 2142 celeberrimus
1221 2050 1342 2137 tamen

137 2178 192 2240 est
206 2162 463 2252 Corinthiacus,
476 2160 569 2233 inter
582 2159 743 2257 AEgeum
759 2170 794 2229 et
805 2156 945 2230 Ionium
959 2181 1067 2246 mare,
1082 2161 1180 2254 cujus
1194 2160 1343 2237 latitudo

136 2289 189 2352 est
203 2297 352 2362 xlxxvr.
370 2275 576 2362 stadiorum,
590 2288 678 2346 teste
694 2269 890 2359 Herodoto,
908 2269 931 2342 l.
946 2269 1022 2344 v1..
1057 2269 1128 2344 Hic
1142 2261 1341 2370 Neptunus,

136 2400 373 2487 cognomento
386 2386 553 2461 Isthmius
555 2385 749 2483 ,templum
761 2383 883 2462 habuit
892 2383 1070 2484 picearum
1082 2387 1248 2460 arborum
1262 2387 1342 2462 luod

135 2500 420 2590 circumclusum,
437 2500 481 2574 de
498 2524 568 2598 quo
579 2499 706 2573 Strabo
719 2497 779 2570 hb
793 2497 898 2572 VIII.
926 2498 1137 2571 Pausanias
1126 2523 1165 2571 m
1180 2499 1342 2576 Corinthl

185 2618 298 2714 Prope
315 2615 384 2689 hoc
403 2613 569 2688 Isthmius
595 2612 696 2686 ludos
722 2610 835 2686 Graeoi
854 2610 1095 2700 celebrabant,
1092 2639 1173 2710 per
1184 2627 1341 2747 qnqrum

132 2719 272 2826 ‘tempus
306 2727 437 2802 foedera
471 2727 565 2800 dieta
600 2723 748 2799 Isthmia
781 2723 964 2798 durabunt.
1033 2715 1173 2799 Horum
1207 2729 1340 2826 primus

132 2859 254 2916 auctor
272 2843 349 2932 fuit
382 2841 550 2941 Sisyphus
586 2836 853 2914 Corinthiorum
888 2863 960 2912 rex.
1013 2839 1108 2912 Nam
1143 2841 1226 2916 obm
1261 2845 1340 2935 Ino,

132 2955 299 3038 maritum
316 2957 481 3029 insanum
495 2955 651 3054 ‚fugiens
669 2979 713 3027 ex
728 2955 828 3051 petria
846 2950 1027 3025 Molucide
1045 2971 1126 3026 eum
1145 2955 1217 3027 lilio
1235 2956 1343 3033 Meli»-

134 3073 229 3141 certa
261 3069 298 3138 in
333 3092 430 3140 mare
465 3068 660 3157 desilisset,
703 3065 899 3140 Melicerte
933 3064 1078 3140 cadaver
1115 3091 1136 3138 a
1179 3066 1343 3162 delphine

131 3181 289 3278 quodam
322 3179 360 3250 in
392 3178 490 3252 littus
525 3181 716 3254 deductum
749 3196 813 3265 est,
841 3193 878 3254 et
911 3203 935 3254 a
963 3178 1113 3278 SIsypho
1146 3179 1342 3269 inventum,

132 3288 383 3388 sepultumque
424 3290 468 3361 ab
504 3283 762 3386 Amphimacho
805 3307 842 3367 et
883 3293 1083 3368 Donatino.
1153 3290 1224 3364 Sed
1258 3291 1341 3366 chm

126 3399 309 3476 Corinthii
353 3413 451 3498 peste
485 3415 703 3490 vexarentur,
736 3405 913 3504 respondit
945 3406 1088 3504 Apollo,
1129 3429 1200 3478 non
1243 3406 1340 3505 pribs

123 3519 323 3596 desituram
341 3517 451 3608 luem,
469 3513 580 3616 qubm
610 3515 755 3592 funebre
781 3535 960 3594 certamen
986 3523 1182 3595 Melicerta
1202 3522 1342 3600 institu-

120 3633 251 3708 issent.
304 3631 410 3716 Quod
429 3629 513 3704 cbm
531 3629 580 3702 illi
598 3629 743 3728 segnihs
761 3629 917 3706 lacerent
941 3646 977 3705 et
1001 3633 1200 3730 pestilentiis
1228 3637 1341 3736 magis

116 3741 313 3840 magisque
344 3743 645 3826 labefactarentur,
674 3743 805 3816 iterbm
839 3743 1043 3842 Apollinem
1078 3745 1341 3840 consuluerunt,

109 3853 195 3961 qui
213 3856 401 3952 respondit,
418 3857 592 3931 honorem
617 3869 827 3955 perpetuum
854 3883 931 3931 esse
942 3859 1141 3938 Melicertes
1156 3863 1344 3940 instituen-

112 3975 234 4051 dum.
283 3967 381 4040 Tum
407 3968 587 4068 Sisyphus,
604 3969 831 4045 Athamantis
855 3971 974 4066 irater,
991 3975 1092 4052 ludos
1119 3977 1286 4052 lathmios
1301 3973 1340 4045 in

101 4079 328 4170 Melicertes
373 4079 545 4158 honorem
590 4085 755 4175 instituit,
796 4111 902 4184 quem
943 4104 984 4163 ut
1022 4091 1131 4164 deum
1165 4085 1341 4160 marinum

102 4193 277 4285 nomine
303 4193 542 4270 Palaemonem
567 4199 642 4293 jam
672 4199 847 4288 colebant,
879 4225 923 4274 ex
957 4201 1155 4296 Nereidum
1190 4192 1342 4296 naonitq,

102 4311 259 4423 quibus
286 4304 492 4382 saltantibus
520 4329 715 4386 occurrerat
740 4308 922 4411 Sisyphus.
977 4313 1098 4385 Noetu
1115 4323 1234 4382 autem
1261 4329 1342 4404 age·
