3046 4904
664 291 867 386 (327)

428 638 504 713 DE
540 637 720 714 LUDIS
760 635 1054 716 HEMEAEIS.

668 839 813 868 -01—

191 980 361 1053 Narrasr
375 980 473 1052 Luur
483 977 569 1052 dicti
583 993 664 1052 sunt
680 977 850 1053 adferret
862 977 977 1076 cyno,
990 979 1043 1052 rel
1060 977 1214 1078 regione,
1226 999 1338 1076 quern

140 1092 278 1164 Nemea
300 1090 410 1188 Asopi
427 1089 497 1164 tilis
523 1089 571 1164 sic
599 1117 620 1164 a
645 1113 683 1164 se
703 1089 953 1164 desumimus.
1003 1091 1137 1166 Eorum
1158 1102 1339 1164 sudorem

139 1203 244 1276 fuisse
276 1202 475 1276 fabulamur
510 1200 712 1291 Herculem,
747 1201 841 1300 qudrl
874 1201 923 1275 ibi
959 1202 1166 1278 Nemoetun
1198 1201 1339 1278 lecum

140 1315 334 1389 occidisset.
386 1314 457 1390 Alii
469 1313 624 1388 referunt
641 1315 686 1389 ad
703 1315 810 1388 duces
826 1314 1014 1392 Thebanos
1023 1314 1101 1390 illos
1117 1329 1264 1414 septem,
1280 1311 1339 1412 qui

140 1427 294 1526 Polynici
311 1427 356 1502 ad
372 1427 510 1504 Thebes
525 1428 747 1513 militdrunt3
771 1441 811 1500 et
825 1427 876 1504 sic
893 1427 1074 1504 historiam
1092 1440 1302 1504 contexunt:
1350 1483 1354 1492 .

189 1540 334 1638 Septem
374 1541 479 1617 duces
506 1539 633 1638 'Argiui
667 1541 753 1616 cum
786 1540 821 1614 T
822 1539 927 1616 hebes
962 1539 1117 1639 Polynici
1150 1539 1340 1620 militatum

137 1651 290 1742 ivissent,
307 1653 344 1728 in
366 1653 420 1726 ris
447 1651 503 1726 siti
527 1651 689 1750 correpti,
714 1653 751 1724 in
769 1651 982 1752 Hypsipylen
1006 1652 1193 1728 Lemniam
1210 1651 1340 1725 incide·

140 1778 232 1854 nmt,
267 1790 345 1861 quas
379 1764 542 1862 Lycurgi,
575 1763 762 1838 sacerdotis
797 1765 905 1848 Jovis,
940 1781 977 1838 et
1009 1766 1197 1865 Eurydices
1228 1763 1340 1840 filiurn

140 1877 331 1975 Opheltarn
364 1873 507 1948 ferebat.
560 1875 648 1946 Haec
681 1889 815 1974 rogata,
849 1891 1016 1976 tanquam
1046 1879 1157 1976 perita
1189 1875 1341 1976 regionis

138 1992 225 2086 ejus,
261 1997 301 2057 ut
335 2010 461 2082 aquarn
495 1985 707 2074 ostenderet,
747 1986 891 2059 alumno
929 1989 1019 2062 inter
1051 1993 1175 2064 herbas
1207 1981 1352 2078 relicto,

140 2099 285 2172 ducibus
311 2097 378 2170 illis
405 2097 449 2169 ad
476 2095 611 2168 fontem
641 2095 706 2168 viae
729 2096 801 2168 dux
833 2097 911 2168 fuit.
982 2099 1126 2173 interim
1156 2101 1341 2198 Opheltes,

139 2214 282 2286 absente
299 2210 445 2298 nutrice,
464 2235 585 2282 morsu
598 2209 758 2291 venenati
773 2208 939 2312 serpentis
954 2225 1094 2284 enectus
1108 2225 1173 2284 est.
1224 2213 1341 2285 Duces

139 2337 358 2398 autemeam
378 2321 567 2421 Hypsipyle
585 2321 710 2395 reversi
735 2321 771 2394 in
797 2345 880 2394 eum
904 2321 1035 2412 locum,
1054 2347 1091 2396 re
1108 2325 1179 2397 viat
1196 2347 1342 2422 puerum

137 2435 358 2536 sepelierunt,
378 2449 424 2518 et,
444 2435 560 2510 occiso
577 2448 749 2533 serpente,
767 2431 804 2509 in
822 2433 966 2507 nutricis
984 2435 1149 2508 solatium
1161 2450 1343 2509 certarnen

137 2545 282 2622 funebre
299 2547 402 2622 tertio
416 2571 556 2645 quoque
573 2571 667 2620 anno
684 2547 929 2621 celebrandum
945 2547 1184 2623 instituerunt.
1236 2552 1344 2632 θυω-

138 2659 224 2736 ritur
253 2674 384 2744 autern,
412 2685 482 2759 quo
510 2673 613 2760 pacto
642 2655 680 2730 in
709 2657 894 2732 Lemniam
924 2661 1108 2734 mulierem
1125 2659 1342 2735 inciderint?

140 2771 211 2850 Sed
237 2775 320 2850 huic
349 2771 537 2873 quaestioni
561 2773 631 2846 hoc
660 2773 769 2844 modo
792 2771 1007 2845 satisfaciunt
1028 2799 1071 2846 ex
1090 2775 1281 2873 Thesgene
1305 2774 1344 2846 in

139 2889 240 2960 rebus
259 2887 482 2984 AEgineticis.
536 2883 749 2960 Lemniades
759 2883 922 2958 mulieres
941 2885 1024 2958 cunr
1041 2909 1085 2960 ex
1100 2903 1201 2985 pacto
1218 2911 1343 2962 omnes

140 3025 221 3072 suos
254 2997 461 3071 occidissent
493 2999 596 3088 viros,
631 2999 705 3072 sola
733 2997 922 3096 Hypsipyle
948 2997 1102 3072 'Ilrosnti
1135 3001 1224 3098 patri
1253 2997 1343 3071 illius

137 3110 264 3182 insulae
298 3107 370 3204 regi
404 3111 568 3206 pepercit.
633 3115 750 3196 Quam
777 3113 823 3185 ob
848 3137 991 3186 causam
1025 3113 1236 3188 Lemniades
1262 3133 1343 3183 earn
1420 3101 1424 3116 ’

139 3247 238 3296 ream
272 3221 440 3310 fecerunt,
465 3237 502 3294 et
534 3227 645 3334 capite
678 3229 848 3302 mulctare
879 3231 1117 3304 decreverunt.
1185 3225 1257 3299 Sed
1289 3227 1344 3300 his

140 3330 267 3436 auditis
296 3332 431 3432 aufugit
461 3333 660 3432 Hypsipyle,
690 3354 726 3411 et
754 3341 791 3413 in
816 3343 968 3416 latrones
1001 3341 1137 3430 incidit,
1172 3337 1342 3437 aquibus

140 3449 300 3548 Lycurgo
330 3445 507 3520 divendita
530 3460 608 3534 est;
635 3449 705 3544 qui,
730 3451 799 3524 sive
816 3453 1035 3527 Nemeorum
1062 3481 1132 3543 rex,
1151 3453 1222 3527 sire
1248 3453 1344 3527 Joris

141 3567 313 3658 sacerdos,
348 3565 397 3640 illi
428 3561 540 3638 filium
573 3565 763 3663 Opheltam
794 3569 1019 3642 nutriendum
1053 3571 1159 3645 dedit.
1225 3571 1345 3670 ltaque

133 3679 207 3754 ,hic
224 3693 441 3754 transeuntes
458 3679 508 3754 illi
527 3678 633 3752 duces
650 3679 686 3752 in
700 3705 779 3756 earn
790 3679 890 3756 facile
900 3683 1105 3757 inciderunt.
1158 3685 1344 3761 Pausanias

139 3789 179 3862 in
210 3790 367 3864 Phocicis
401 3791 449 3864 ait
475 3793 667 3866 Adrastum
693 3807 873 3868 auctorem
901 3821 987 3878 esse,
1019 3812 1054 3870 et
1082 3823 1142 3871 eos
1170 3802 1229 3898 qui
1261 3797 1343 3872 dicti

139 3914 223 3976 sunt
239 3901 400 4000 Epigoni,
421 3903 668 3981 instauratores
686 3904 804 3997 fuisse,
825 3907 1053 3984 Nemeorum.
1107 3912 1149 3984 In
1170 3912 1342 3983 honorem

139 4011 308 4111 Opheltes
336 4013 440 4108 igitur
472 4018 674 4093 institutum
699 4034 752 4093 est
781 4019 850 4093 hoc
881 4035 1058 4096 certamen
1089 4022 1246 4095 funebre.
1312 4019 1345 4091 ls

139 4140 262 4201 autern
291 4123 358 4196 alio
386 4127 527 4200 nomine
555 4131 667 4206 dictus
697 4146 751 4204 est
775 4133 1035 4219 Archemorum
1062 4131 1228 4230 quonism
1255 4131 1346 4205 Am·

140 4245 415 4347 phiarausvutes
433 4261 582 4323 mortem
600 4254 673 4347 ejus
692 4256 735 4326 ab
750 4255 852 4329 initio
874 4257 956 4331 aitte
979 4251 1162 4356 praedixltt
1188 4261 1226 4320 et
1250 4239 1346 4350 ἆξχῆ

138 4371 360 4466 principiam,
377 4353 481 4467 μέρος
495 4387 635 4444 mortem
651 4375 832 4471 significat.

698 4509 723 4556 r
741 4509 766 4556 r
